@book{goswami2000principles,
  title={Principles of solar engineering},
  author={Goswami, D Yogi and Kreith, Frank and Kreider, Jan F},
  year={2000},
  publisher={CRC Press}
}

@book{chen2011physics,
  title={Physics of solar energy},
  author={Chen, C Julian},
  year={2011},
  publisher={John Wiley \& Sons}
}
@book{burton2001wind,
  title={Wind energy handbook},
  author={Burton, Tony and Sharpe, David and Jenkins, Nick and Bossanyi, Ervin},
  year={2001},
  publisher={John Wiley \& Sons}
}

@book{windnenergygary,
  title={WIND ENERGY SYSTEMS Electronic Edition},
  author={Gary L. Johnson},
  year={2006},
  publisher={Manhattan, KS \& Sons}
}

@article{existing1999wind,
  title={WIND ENERGY/BIRD INTERACTIONS: A GUIDANCE DOCUMENT},
  author={EXISTING, ON BIRDS AT and SITES, PROPOSED WIND ENERGY},
  year={1999}
}
@book{brewer2013renewable,
  title={Renewable Energy: Sustainable Energy Concepts for the Energy Change},
  author={Brewer, William D and Wengenmayr, Roland and B{\"u}hrke, Thomas},
  year={2013},
  publisher={John Wiley \& Sons}
}

@book{patel2005wind,
  title={Wind and solar power systems: design, analysis, and operation},
  author={Patel, Mukund R},
  year={2005},
  publisher={CRC press}
}